@inproceedings{BarsoumICMI2016,
    title={Training Deep Networks for Facial Expression Recognition with Crowd-Sourced Label Distribution},
    author={Barsoum, Emad and Zhang, Cha and Canton Ferrer, Cristian and Zhang, Zhengyou},
    booktitle={ACM International Conference on Multimodal Interaction (ICMI)},
    year={2016}
}

@inproceedings{khorrami2015deep,
  title={Do deep neural networks learn facial action units when doing expression recognition?},
  author={Khorrami, Pooya and Paine, Thomas and Huang, Thomas},
  booktitle={Proceedings of the IEEE International Conference on Computer Vision Workshops},
  pages={19--27},
  year={2015}
}

@article{happy2015automatic,
  title={Automatic facial expression recognition using features of salient facial patches},
  author={Happy, SL and Routray, Aurobinda},
  journal={IEEE transactions on Affective Computing},
  volume={6},
  number={1},
  pages={1--12},
  year={2015},
  publisher={IEEE}
}

@article{islam2016sention,
  title={SenTion: A framework for Sensing Facial Expressions},
  author={Islam, Rahul and Ahuja, Karan and Karmakar, Sandip and Barbhuiya, Ferdous},
  journal={arXiv preprint arXiv:1608.04489},
  year={2016}
}

@inproceedings{wang2013feature,
  title={Feature fusion of hog and wld for facial expression recognition},
  author={Wang, Xiaohua and Jin, Chao and Liu, Wei and Hu, Min and Xu, Liangfeng and Ren, Fuji},
  booktitle={System Integration (SII), 2013 IEEE/SICE International Symposium on},
  pages={227--232},
  year={2013},
  organization={IEEE}
}

@inproceedings{salmam2016facial,
  title={Facial Expression Recognition Using Decision Trees},
  author={Salmam, Fatima Zahra and Madani, Abdellah and Kissi, Mohamed},
  booktitle={Computer Graphics, Imaging and Visualization (CGiV), 2016 13th International Conference on},
  pages={125--130},
  year={2016},
  organization={IEEE}
}

@inproceedings{wang2013feature,
  title={Feature fusion of hog and wld for facial expression recognition},
  author={Wang, Xiaohua and Jin, Chao and Liu, Wei and Hu, Min and Xu, Liangfeng and Ren, Fuji},
  booktitle={System Integration (SII), 2013 IEEE/SICE International Symposium on},
  pages={227--232},
  year={2013},
  organization={IEEE}
}
