@inproceedings{fan2016video,
  title={Video-based emotion recognition using CNN-RNN and C3D hybrid networks},
  author={Fan, Yin and Lu, Xiangju and Li, Dian and Liu, Yuanliu},
  booktitle={Proceedings of the 18th ACM International Conference on Multimodal Interaction},
  pages={445--450},
  year={2016},
  organization={ACM}
}


@inproceedings{eyben2010opensmile,
  title={Opensmile: the munich versatile and fast open-source audio feature extractor},
  author={Eyben, Florian and W{\"o}llmer, Martin and Schuller, Bj{\"o}rn},
  booktitle={Proceedings of the 18th ACM international conference on Multimedia},
  pages={1459--1462},
  year={2010},
  organization={ACM}
}


@techreport{amos2016openface,
  title={OpenFace: A general-purpose face recognition
    library with mobile applications},
  author={Amos, Brandon and Bartosz Ludwiczuk and Satyanarayanan, Mahadev},
  year={2016},
  institution={CMU-CS-16-118, CMU School of Computer Science},
}


@inproceedings{schroff2015facenet,
  title={Facenet: A unified embedding for face recognition and clustering},
  author={Schroff, Florian and Kalenichenko, Dmitry and Philbin, James},
  booktitle={Proceedings of the IEEE Conference on Computer Vision and Pattern Recognition},
  pages={815--823},
  year={2015}
}

@article{king2009dlib,
  title={Dlib-ml: A machine learning toolkit},
  author={King, Davis E},
  journal={Journal of Machine Learning Research},
  volume={10},
  number={Jul},
  pages={1755--1758},
  year={2009}
}

@article{7553523,
    author={K. Zhang and Z. Zhang and Z. Li and Y. Qiao},
    journal={IEEE Signal Processing Letters},
    title={Joint Face Detection and Alignment Using Multitask Cascaded Convolutional Networks},
    year={2016},
    volume={23},
    number={10},
    pages={1499-1503},
    keywords={Benchmark testing;Computer architecture;Convolution;Detectors;Face;Face detection;Training;Cascaded convolutional neural network (CNN);face alignment;face detection},
    doi={10.1109/LSP.2016.2603342},
    ISSN={1070-9908},
    month={Oct}
}

@article{CC01a,
 author = {Chang, Chih-Chung and Lin, Chih-Jen},
 title = {{LIBSVM}: A library for support vector machines},
 journal = {ACM Transactions on Intelligent Systems and Technology},
 volume = {2},
 issue = {3},
 year = {2011},
 pages = {27:1--27:27},
 note =  {Software available at \url{http://www.csie.ntu.edu.tw/~cjlin/libsvm}}
}


@inproceedings{Ioffe15,
    author = {Sergey Ioffe and Christian Szegedy},
    booktitle = {arXiv:1502.03167},
    title = {Batch Normalization: Accelerating Deep Network Training by Reducing Internal Covariate Shift},
    year = {2015}
}

@inproceedings{wen2016discriminative,
  title={A discriminative feature learning approach for deep face recognition},
  author={Wen, Yandong and Zhang, Kaipeng and Li, Zhifeng and Qiao, Yu},
  booktitle={European Conference on Computer Vision},
  pages={499--515},
  year={2016},
  organization={Springer}
}